@misc{openinnovation2023,
  author          = {Rafiq Elmansy},
  title           = {{What is Open Innovation? And How Can it Drive Creativity?}},
  year            = {2023},
  howpublished    = {https://www.designorate.com/open-innovation-to-drive-creativity/},
}

@misc{zatvorenaotvorena2020,
  author          = {Slobodan Kotlica and Nataša Stanojević},
  title           = {Od Zatvorene ka Otvorenoj Inovaciji},
  year            = {2020},
  howpublished    = {http://repozitorijum.diplomacy.bg.ac.rs/677/1/Ekonomski-vidici-3-4-2020-5-7-22.pdf},
}

@misc{openinnovation2016,
  author          = {Alessandro Lumia},
  title           = {Come innovare nell’era delle tecnologie disruptive},
  year            = {2016},
  howpublished    = {https://alessandrolumia.it/innovazione-digitale/come-innovare-nell-era-delle-tecnologie-disruptive/},
}

@book{openinnovation2003,
   title =     {Open Innovation: The New Imperative for Creating and Profiting from Technology},
   author =    {Henry William Chesbrough},
   publisher = {Harvard Business Review Press},
   year =      {2003},
}